@article{Brehm_2016,
   author = {Brehm, K. and Krumnau, O. and Heilmann, C. and Beyersdorf, F.},
   title = {Genetic variations of phenprocoumon metabolism in patients with ventricular assist devices},
   journal = {Eur J Cardiothorac Surg},
   volume = {50},
   number = {2},
   pages = {275-80},
   ISSN = {1873-734X (Electronic)
1010-7940 (Linking)},
   DOI = {10.1093/ejcts/ezw060},
   url = {https://www.ncbi.nlm.nih.gov/pubmed/26984978},
   year = {2016},
   type = {Journal Article}
}

@article{Verhoef_2014,
	author = {Verhoef, T. I. and Redekop, W. K. and Daly, A. K. and van Schie, R. M. and de Boer, A. and Maitland-van der Zee, A. H.},
	title = {Pharmacogenetic-guided dosing of coumarin anticoagulants: algorithms for warfarin, acenocoumarol and phenprocoumon},
	journal = {Br J Clin Pharmacol},
	volume = {77},
	number = {4},
	pages = {626-41},
	ISSN = {1365-2125 (Electronic)
	0306-5251 (Linking)},
	DOI = {10.1111/bcp.12220},
	url = {https://www.ncbi.nlm.nih.gov/pubmed/23919835},
	year = {2014},
	type = {Journal Article}
}

@article{Hirsh_1998,
	author = {Hirsh, J. and Dalen, J. E. and Anderson, D. R. and Poller, L. and Bussey, H. and Ansell, J. and Deykin, D. and Brandt, J. T.},
	title = {Oral anticoagulants: mechanism of action, clinical effectiveness, and optimal therapeutic range},
	journal = {Chest},
	volume = {114},
	number = {5 Suppl},
	pages = {445S-469S},
	ISSN = {0012-3692 (Print)
	0012-3692 (Linking)},
	url = {https://www.ncbi.nlm.nih.gov/pubmed/9822057},
	year = {1998},
	type = {Journal Article}
}

@book{Rasmussen:2005:GPM:1162254,
	author = {Rasmussen, Carl Edward and Williams, Christopher K. I.},
	title = {Gaussian Processes for Machine Learning (Adaptive Computation and Machine Learning)},
	year = {2005},
	isbn = {026218253X},
	publisher = {The MIT Press},
} 

@inproceedings{Wilson_2013,
	added-at = {2014-01-07T00:00:00.000+0100},
	author = {Wilson, Andrew Gordon and Adams, Ryan Prescott},
	biburl = {http://www.bibsonomy.org/bibtex/2a613b562757e145481b1db8bc22dfc33/dblp},
	booktitle = {ICML (3)},
	crossref = {conf/icml/2013},
	ee = {http://jmlr.org/proceedings/papers/v28/wilson13.html},
	interhash = {3f9c7df7eb626bbe62a04ebf1b501960},
	intrahash = {a613b562757e145481b1db8bc22dfc33},
	keywords = {dblp},
	pages = {1067-1075},
	publisher = {JMLR.org},
	series = {JMLR Workshop and Conference Proceedings},
	timestamp = {2016-07-13T11:42:57.000+0200},
	title = {Gaussian Process Kernels for Pattern Discovery and Extrapolation.},
	url = {http://dblp.uni-trier.de/db/conf/icml/icml2013.html#WilsonA13},
	volume = 28,
	year = 2013
}

@misc{wiki_maximum_likelihood,
	author = "Wikipedia",
	title = "Maximum likelihood estimation --- Wikipedia{,} The Free Encyclopedia",
	year = "2017",
	url = "https://en.wikipedia.org/w/index.php?title=Maximum_likelihood_estimation&oldid=759098848",
	note = "[Online; accessed 26-February-2017]"
}

@misc{wiki_fisher_information,
	author = "Wikipedia",
	title = "Fisher information --- Wikipedia{,} The Free Encyclopedia",
	year = "2017",
	url = "https://en.wikipedia.org/w/index.php?title=Fisher_information&oldid=764367746",
	note = "[Online; accessed 26-February-2017]"
}

@article{Rosendaal_1993,
	author = {Rosendaal, F. R. and Cannegieter, S. C. and van der Meer, F. J. and Briet, E.},
	title = {A method to determine the optimal intensity of oral anticoagulant therapy},
	journal = {Thromb Haemost},
	volume = {69},
	number = {3},
	pages = {236-9},
	ISSN = {0340-6245 (Print)
	0340-6245 (Linking)},
	url = {https://www.ncbi.nlm.nih.gov/pubmed/8470047},
	year = {1993},
	type = {Journal Article}
}

@article{Besselaar_2016,
	author = {van den Besselaar, A. M. and Biedermann, J. S. and van der Meer, F. J. and Adriaansen, H. J. and Leebeek, F. W. and Kruip, M. J.},
	title = {Control of anticoagulation with vitamin K antagonists: overestimation of median time in therapeutic range when assessed by linear interpolation},
	journal = {Thromb Haemost},
	volume = {116},
	number = {4},
	pages = {679-86},
	ISSN = {0340-6245 (Print)
	0340-6245 (Linking)},
	DOI = {10.1160/TH16-03-0184},
	url = {https://www.ncbi.nlm.nih.gov/pubmed/27384264},
	year = {2016},
	type = {Journal Article}
}

@article{Van_der_Meer_1993,
	author = {van der Meer, F. J. and Rosendaal, F. R. and Vandenbroucke, J. P. and Briet, E.},
	title = {Bleeding complications in oral anticoagulant therapy. An analysis of risk factors},
	journal = {Arch Intern Med},
	volume = {153},
	number = {13},
	pages = {1557-62},
	ISSN = {0003-9926 (Print)
	0003-9926 (Linking)},
	url = {https://www.ncbi.nlm.nih.gov/pubmed/8323419},
	year = {1993},
	type = {Journal Article}
}

@article{Kaatz_2008,
	author = {Kaatz, S.},
	title = {Determinants and measures of quality in oral anticoagulation therapy},
	journal = {J Thromb Thrombolysis},
	volume = {25},
	number = {1},
	pages = {61-6},
	ISSN = {0929-5305 (Print)
	0929-5305 (Linking)},
	DOI = {10.1007/s11239-007-0106-9},
	url = {https://www.ncbi.nlm.nih.gov/pubmed/17906916},
	year = {2008},
	type = {Journal Article}
}

@article{Schmitt_2003,
	author = {Schmitt, L. and Speckman, J. and Ansell, J.},
	title = {Quality assessment of anticoagulation dose management: comparative evaluation of measures of time-in-therapeutic range},
	journal = {J Thromb Thrombolysis},
	volume = {15},
	number = {3},
	pages = {213-6},
	ISSN = {0929-5305 (Print)
	0929-5305 (Linking)},
	DOI = {10.1023/B:THRO.0000011377.78585.63},
	url = {https://www.ncbi.nlm.nih.gov/pubmed/14739631},
	year = {2003},
	type = {Journal Article}
}
